% This file was created with JabRef 2.4.2.
% Encoding: ISO8859_1

@INCOLLECTION{cooper99:_comput_causat_discov,
  author = {G. Cooper},
  title = {An overview of the Representation and Discovery of Causal Relationships
	Using {B}ayesian Networks},
  booktitle = {Computation, Causation, and Discovery},
  pages = {4--62},
  crossref = {glymour99:_comput_causat_discov}
}

@INPROCEEDINGS{Ramsey2006,
  author = {Joseph Ramsey and Jiji Zhang and Peter Spirtes},
  title = {Adjacency-Faithfulness and Conservative Causal Inference},
  booktitle = {Proceedings of the 22nd Conference on Uncertainty in Artificial Intelligence
	(UAI 2006)},
  year = {2006},
  pages = {401--408},
  bibsource = {DBLP, http://dblp.uni-trier.de},
  crossref = {DBLP:conf/uai/2006},
  ee = {http://uai.sis.pitt.edu/displayArticleDetails.jsp?mmnu=1{\&}smnu=2{\&}article_id=1259{\&}proceeding_id=22}
}

@ARTICLE{angluin80:_induc_infer_formal_languag_posit_data,
  author = {D. Angluin},
  title = {Inductive Inference of Formal Languages from Positive Data},
  journal = {Information and Control},
  year = {1980},
  volume = {45(2)},
  pages = {117--135}
}

@PHDTHESIS{bouckaert95:_bayes,
  author = {R. R. Bouckaert},
  title = {{B}ayesian belief networks : from construction to inference},
  school = {Universiteit Utrecht},
  year = {1995}
}

@ARTICLE{campos06:_bayes,
  author = {L. M. de Campos},
  title = {A Scoring Function for Learning {B}ayesian Networks based on Mutual
	Information and Conditional Independence Tests},
  journal = {Journal of Machine Learning Research},
  year = {2006},
  volume = {7},
  pages = {2149--2187}
}

@ARTICLE{cheng02:_learn_bayes,
  author = {J. Cheng and R. Greiner and J. Kelly and D. Bell and W. Liu},
  title = {Learning {B}ayesian networks from data: An information-theory based
	approach},
  journal = {Artificial Intelligence},
  year = {2002},
  volume = {137},
  pages = {43--90}
}

@ARTICLE{chickering03:_optim,
  author = {D. Chickering},
  title = {Optimal structure identification with greedy search},
  journal = {Journal of Machine Learning Research},
  year = {2003},
  volume = {3},
  pages = {507--554}
}

@ARTICLE{chickering04:_large_sampl_learn_bayes_networ_np_hard,
  author = {D. M. Chickering and D. Heckerman and C. Meek},
  title = {Large-Sample Learning of {B}ayesian Networks is {NP}-Hard.},
  journal = {Journal of Machine Learning Research},
  year = {2004},
  volume = {5},
  pages = {1287--1330}
}

@BOOK{cowell05:_probab_networ_exper_system,
  title = {Probabilistic Networks and Expert Systems},
  publisher = {Springer},
  year = {2005},
  author = {R. G. Cowell and S. L. Lauritzen and D. J. Spiegelhater}
}

@ARTICLE{giere72:_signif_test_contr,
  author = {R. N. Giere},
  title = {The Significance Test Controversy},
  journal = {The British Journal for the Philosophy of Science},
  year = {1972},
  volume = {23},
  pages = {170--181},
  number = {2}
}

@ARTICLE{gold67limit,
  author = {E. M. Gold},
  title = {Language identification in the limit},
  journal = {Information and Control},
  year = {1967},
  volume = {10},
  pages = {447--474},
  number = {5}
}

@BOOK{jain99:_system_that_learn,
  title = {Systems That Learn},
  publisher = {MIT Press},
  year = {1999},
  author = {S. Jain and D. Osherson and J. S. Royer and A. Sharma},
  edition = {2}
}

@ARTICLE{jain02:_mind,
  author = {S. Jain and A. Sharma},
  title = {Mind change complexity of learning logic programs},
  journal = {TCS},
  year = {2002},
  volume = {284(1)},
  pages = {143--160}
}

@BOOK{jensen02:_bayes_networ_decis_graph,
  title = {{B}ayesian Networks and Decision Graphs},
  publisher = {Springer},
  year = {2002},
  author = {F. V. Jensen}
}

@INCOLLECTION{bib:kev-causal,
  author = {K. Kelly},
  title = {Why probability does not capture the logic of scientific justification},
  booktitle = {Contemporary Debates in the philosophy of Science},
  publisher = {Wiley-Blackwell},
  year = {2004},
  editor = {C. Hitchcock},
  pages = {94--114},
  address = {London}
}

@ARTICLE{kelly04:_justif_truth_findin_effic,
  author = {K. Kelly},
  title = {Justification as Truth-Finding Efficiency: How {O}ckham's Razor Works},
  journal = {Minds and Machines},
  year = {2004},
  volume = {14},
  pages = {485--505},
  number = {4}
}

@PHDTHESIS{Luo07,
  author = {Wei Luo},
  title = {Mind change optimal learning : Theory and applications},
  school = {Simon Fraser University},
  year = {2007},
  keywords = {Bayes net},
  owner = {oliverschulte},
  timestamp = {2009.03.06}
}

@ARTICLE{luo06:_mind_chang_effic_learn,
  author = {W. Luo and O. Schulte},
  title = {Mind Change Efficient Learning},
  journal = {Information and Computation},
  year = {2006},
  volume = {204},
  pages = {989--1011}
}

@INPROCEEDINGS{luo05:_mind_chang_effic_learn,
  author = {W. Luo and O. Schulte},
  title = {Mind Change Efficient Learning},
  booktitle = {Learning Theory: 18th Annual Conference on Learning Theory, COLT
	2005},
  year = {2005},
  pages = {398--412}
}

@BOOK{martin98elements,
  title = {Elements of Scientific Inquiry},
  publisher = {The MIT Press},
  year = {1998},
  author = {E. Martin and D. N. Osherson},
  address = {Cambridge, Massachusetts}
}

@PHDTHESIS{meek97:_graph_modeln,
  author = {C. Meek},
  title = {Graphical Models: Selecting causal and statistical models},
  school = {Carnegie Mellon University},
  year = {1997}
}

@BOOK{neapolitan04:_learn_bayes_networ,
  title = {Learning {B}ayesian Networks},
  publisher = {Pearson Education},
  year = {2004},
  author = {R. E. Neapolitan}
}

@BOOK{Osherson86,
  title = {Systems that learn: an introduction to learning theory for cognitive
	and computer scientists},
  publisher = {MIT Press},
  year = {1986},
  author = {D. N. Osherson and M. Stob and S. Weinstein}
}

@BOOK{papadimitriou94:_comput,
  title = {Computational complexity},
  publisher = {Addison-Wesley},
  year = {1994},
  author = {C. H. Papadimitriou}
}

@BOOK{pearl00:_causal,
  title = {Causality: Models, Reasoning, and Inference},
  publisher = {Cambridge university press},
  year = {2000},
  author = {J. Pearl}
}

@BOOK{pearl88:_probab_reason_intel_system,
  title = {Probabilistic Reasoning in Intelligent Systems},
  publisher = {Morgan Kauffmann},
  year = {1988},
  author = {J. Pearl},
  address = {San Mateo, CA}
}

@ARTICLE{putnam65:_trial_error_predic_solut_probl_mostow,
  author = {H. Putnam},
  title = {Trial and Error Predicates and the Solution to a Problem of {M}ostowski},
  journal = {The Journal of Symbolic Logic},
  year = {1965},
  volume = {30},
  pages = {49--57},
  number = {1}
}

@BOOK{Rothe2005,
  title = {Complexity Theory and Cryptology},
  publisher = {Springer Verlag},
  year = {2005},
  author = {J{\"o}rg Rothe},
  pages = {478},
  abstract = {textbook, can be found on google books.},
  isbn = {3540221476, 9783540221470}
}

@MANUAL{scheines96:_tetrad,
  title = {TETRAD 3:Tools for Causal Modeling -- User's Manual},
  author = {R. Scheines and P. Spirtes and C. Glymour and C. Meek and T. Richardson},
  organization = {CMU Philosophy},
  year = {1996}
}

@ARTICLE{shinohara91:_induc,
  author = {T. Shinohara},
  title = {Inductive inference of monotonic formal systems from positive data},
  journal = {New Generation Computing},
  year = {1991},
  volume = {8},
  pages = {371--384},
  number = {4}
}

@BOOK{peter00:_causat,
  title = {Causation, prediction, and search},
  publisher = {MIT Press},
  year = {2000},
  author = {P. Spirtes and C. Glymour and R. Scheines}
}

@BOOK{studeny05:_probab_condit_indep_struc,
  title = {Probabilistic Conditional Independence Structures},
  publisher = {Springer},
  year = {2005},
  author = {M. Studeny}
}

@ARTICLE{bib:max-min,
  author = {I. Tsamardinos and L. E. Brown and C. Aliferis},
  title = {The max-min hill-climbing {B}ayesian network structure learning algorithm},
  journal = {Machine Learning},
  year = {2006},
  volume = {65},
  pages = {31--78},
  number = {1}
}

@ARTICLE{valiant86:_np,
  author = {L. Valiant and V. Vazirani},
  title = {{NP} is as easy as detecting unique solutions},
  journal = {Theoretical Computer Science},
  year = {1986},
  volume = {47},
  pages = {85--93},
  number = {1}
}

@INPROCEEDINGS{verma90:_equiv_synth_causal_model,
  author = {T. S. Verma and J. Pearl},
  title = {Equivalence and Synthesis of Causal Models},
  booktitle = {Proceedings of the Sixth Conference on Uncertainty in Artificial
	Intelligence (UAI 1990)},
  year = {1990},
  pages = {220--227}
}

@INPROCEEDINGS{xiang96:_critic_remar_singl_link_searc,
  author = {Y. Xiang and S. K. Wong and N. Cercone},
  title = {Critical Remarks on Single Link Search in Learning Belief Networks},
  booktitle = {Proceedings of the 12th Annual Conference on Uncertainty in Artificial
	Intelligence (UAI 1996)},
  year = {1996},
  pages = {564--57}
}

@BOOK{glymour99:_comput_causat_discov,
  title = {Computation, Causation, and Discovery},
  publisher = {AAAI Press/The MIT Press},
  year = {1999},
  editor = {C. Glymour and G. Cooper}
}

@PROCEEDINGS{DBLP:conf/uai/2006,
  title = {UAI '06, Proceedings of the 22nd Conference in Uncertainty in Artificial
	Intelligence, July 13-16 2006, Cambridge, MA, USA},
  year = {2006},
  publisher = {AUAI Press},
  bibsource = {DBLP, http://dblp.uni-trier.de},
  booktitle = {UAI},
  isbn = {0-9749039-2-2}
}

