@MISC{url,
	author = {Fatemeh Riahi and Oliver Schulte},
	title = {{Codes and Datasets. [Online].  Available:}},
	howpublished = {\url{ftp://ftp.fas.sfu.ca/pub/cs/oschulte/CodesAndDatasets/}},
	year = {2015}
}
@INCOLLECTION{Flach1999a,
	author = {Flach, Peter A},
	title = {Knowledge representation for inductive learning},
	booktitle = {Symbolic and Quantitative Approaches to Reasoning and Uncertainty},
	publisher = {Springer},
	year = {1999},
	pages = {160--167}
}
@article{Pickands1975,
	author = {Pickands, James III},
	description = {JSTOR: The Annals of Statistics, Vol. 3, No. 1 (Jan., 1975), pp. 119-131},
	journal = {The Annals of Statistics},
	jstor_articletype = {research-article},
	jstor_formatteddate = {Jan., 1975},
	keywords = {GPD KStest POT},
	language = {English},
	number = 1,
	pages = {119--131},
	publisher = {Institute of Mathematical Statistics},
	timestamp = {2014-07-07T16:39:29.000+0200},
	title = {Statistical Inference Using Extreme Order Statistics},
	year = 1975
}
@inproceedings{MullerSMB13,
	author    = {Emmanuel M{\"{u}}ller and
	Patricia Iglesias S{\'{a}}nchez and
	Yvonne M{\"{u}}lle and
	Klemens B{\"{o}}hm},
	title     = {Ranking outlier nodes in subspaces of attributed graphs},
	booktitle = {Workshops Proceedings of the 29th {IEEE} International Conference
	on Data Engineering, {ICDE} 2013, Brisbane, Australia, April 8-12,
	2013},
	pages     = {216--222},
	year      = {2013},
	crossref  = {DBLP:conf/icde/2013w},
	url       = {http://dx.doi.org/10.1109/ICDEW.2013.6547453},
	doi       = {10.1109/ICDEW.2013.6547453},
	timestamp = {Mon, 25 Apr 2016 16:57:47 +0200},
	biburl    = {http://dblp.uni-trier.de/rec/bib/conf/icde/MullerSMB13},
	bibsource = {dblp computer science bibliography, http://dblp.org}
}
@article{Fawcett2006,
	author = {Fawcett, Tom},
	title = {An Introduction to {ROC} Analysis},
	journal = {Pattern Recogn. Lett.},
	issue_date = { 2006},
	year = {2006},
	publisher = {Elsevier Science Inc.},
	address = {New York, NY, USA},
	keywords = {Classifier evaluation, Evaluation metrics, ROC analysis},
} 

@INPROCEEDINGS{Sun2009,
	author = {Sun,Yizhou and Han Jiawei and Zhao,Peixiang },
	title = {RankClus: Integrating Clustering with Ranking for Heterogeneous Information
	Network Analysis},
	booktitle = {Proceedings of the International Conference on Extending Database
	Technology: Advances in Database Technology},
	year = {2009},
	pages = {565--576},
	address = {New York, NY, USA},
	publisher = {ACM},
	numpages = {12}
}

@TECHREPORT{Peralta2007,
	author = {Peralta, V.},
	title = {{Extraction and Integration of MovieLens and IMDb}},
	institution = {APDM project},
	year = {2007}
}

@inproceedings{Anderson2007,
	author    = {Grant Anderson and
	Bernhard Pfahringer},
	title     = {Clustering Relational Data Based on Randomized Propositionalization},
	booktitle = {Inductive Logic Programming, 17th International Conference, {ILP}
	2007, Corvallis, OR, USA, June 19-21, 2007, Revised Selected Papers},
	pages     = {39--48},
	year      = {2007},
	crossref  = {DBLP:conf/ilp/2007},
	url       = {http://dx.doi.org/10.1007/978-3-540-78469-2_8},
	doi       = {10.1007/978-3-540-78469-2_8},
	timestamp = {Thu, 17 Apr 2008 13:29:00 +0200},
	biburl    = {http://dblp.uni-trier.de/rec/bib/conf/ilp/AndersonP07},
	bibsource = {dblp computer science bibliography, http://dblp.org}
}


@inproceedings{Akoglu2010,
	author = {Akoglu, Leman and McGlohon, Mary and Faloutsos, Christos},
	title = {OddBall: Spotting Anomalies in Weighted Graphs},
	booktitle = {Proceedings of the 14th Pacific-Asia Conference on Advances in Knowledge Discovery and Data Mining - Volume Part II},
	series = {PAKDD'10},
	year = {2010},
	isbn = {3-642-13671-0, 978-3-642-13671-9},
	location = {Hyderabad, India},
	pages = {410--421},
	numpages = {12},
	url = {http://dx.doi.org/10.1007/978-3-642-13672-6_40},
	doi = {10.1007/978-3-642-13672-6_40},
	acmid = {2144081},
	publisher = {Springer-Verlag},
	address = {Berlin, Heidelberg},
} 


@INPROCEEDINGS{kuzelka2008,
	author = {Ondvrej Kuvzelka and Filip Zelezny},
	title = {HiFi: Tractable Propositionalization through Hierarchical Feature
	Construction},
	booktitle = {Late Breaking Papers, ILP},
	year = {2008},
	category = {ida-publications}
}
@INPROCEEDINGS{cussens2012,
	author = {Alsanie, Waleed and Cussens, James },
	title = {Learning Recursive PRISM Programs with Observed Outcomes},
	booktitle = {Proceedings of the ICML-2012 Workshop on SRL},
	year = {2012}
}
@INCOLLECTION{Lavravc2014,
	author = {Lavra{\v{c}}, Nada and Perov{\v{s}}ek, Matic and Vavpeti{\v{c}},
	An{\v{z}}e},
	title = {Propositionalization Online},
	booktitle = {ECML},
	publisher = {Springer},
	year = {2014},
	pages = {456--459}
}


@ARTICLE{Cansado2008,
	author = {Cansado, Antonio and Soto, Alvaro},
	title = {UNSUPERVISED ANOMALY DETECTION IN LARGE DATABASES USING BAYESIAN
	NETWORKS},
	journal = {Appl. Artif. Intell.},
	year = {2008},
	volume = {22},
	pages = {309--330},
	number = {4},
	month = apr,
	acmid = {1451348},
	address = {Bristol, PA, USA},
	doi = {10.1080/08839510801972801},
	file = {:/local-scratch/SRiahi/Desktop/texmf/Cansado2009.pdf:PDF;:/local-scratch/SRiahi/Desktop/texmf/Cansado2009.pdf:PDF},
	issn = {0883-9514},
	issue_date = {April 2008},
	numpages = {22},
	publisher = {Taylor \& Francis, Inc.},
	url = {http://dx.doi.org/10.1080/08839510801972801}
}

@INPROCEEDINGS{Gupta2013,
	author = {Sun, Y. and Han, J. and Zhao, Peixiang and Yin, Zhijun and Cheng,
	Hong and Wu, Tianyi},
	title = {Community Distribution Outlier Detection in Heterogeneous network},
	booktitle = {ECML},
	year = {2013}
}
@INPROCEEDINGS{Kranjc2012,
	author = {Kranjc, Janez and Podpecan, Vid and Lavrac, Nada},
	title = {ClowdFlows: A Cloud Based Scientific Workflow Platform.},
	booktitle = {ECML/PKDD},
	year = {2012},
	series = {Lecture Notes in CS},
	publisher = {Springer},
	crossref = {conf/pkdd/2012},
	keywords = {dblp}
}
@ARTICLE{Ravkic2015,
	author = {Ravkic, Irma and Ramon, Jan and Davis, Jesse},
	title = {Learning relational dependency networks in hybrid domains},
	journal = {Machine Learning},
	year = {2015},
	url = {https://lirias.kuleuven.be/handle/123456789/481217}
}
@article{Akoglu2015,
	author = {Akoglu, Leman and Tong, Hanghang and Koutra, Danai},
	title = {Graph Based Anomaly Detection and Description: A Survey},
	journal = {Data Min. Knowl. Discov.},
	volume = {29},
	number = {3},
	month = may,
	year = {2015},
	acmid = {2757629},
	publisher = {Kluwer Academic Publishers},
	address = {Hingham, MA, USA},
	keywords = {Anomaly description, Anomaly detection, Change point detection, Event detection, Fraud detection, Graph mining, Network anomaly detection, Visual analytics},
} 



@INPROCEEDINGS{Sarawagi1998,
	author = {Sunita Sarawagi and Rakesh Agrawal and Nimrod Megiddo},
	title = {Discovery-driven Exploration of OLAP Data Cubes},
	booktitle = {Int. Conf EDBT'98},
	year = {1998},
	publisher = {Springer-Verlag}
}

@inproceedings{Kriegel2007,
	author = {Achtert, Elke and Bohm, Christian and Kriegel, Hans-Peter and Kroger, Peer and Muller-Gorman, Ina and Zimek, Arthur},
	booktitle = {DASFAA},
	description = {dblp},
	keywords = {dblp},
	publisher = {Springer},
	title = {Detection and Visualization of Subspace Cluster Hierarchies.},
	year = 2007
}
@manual{RROCR2012,
	author = {Sing, Tobias and Sander, Oliver and Beerenwinkel, Niko and Lengauer, Thomas},
	biburl = {http://www.bibsonomy.org/bibtex/2206b72ee617e5f5800c8836ae6d922d0/knutwenzig},
	interhash = {c0711b8f9d54e00acab614f43a077106},
	intrahash = {206b72ee617e5f5800c8836ae6d922d0},
	keywords = {MalteMasterThesis imported},
	note = {R package version 1.0-4},
	timestamp = {2014-05-20T08:47:50.000+0200},
	title = {ROCR: Visualizing the performance of scoring classifiers.},
	url = {http://CRAN.R-project.org/package=ROCR},
	year = 2012
}

@INPROCEEDINGS{Schulte2011,
	author = {Oliver Schulte},
	title = {A tractable pseudo-likelihood function for {Bayes} Nets applied to
	relational data},
	booktitle = {SIAM SDM},
	year = {2011},
	keywords = {oliver, statistical-relational},
	owner = {oliverschulte},
	timestamp = {2011.01.13}
}
@BOOK{Tuffery2011,
	title = {Data Mining and Statistics for Decision Making},
	publisher = {Wiley Series in Computational Statistics},
	year = {2011},
	author = {Stephane Tuffery},
	url = {http://ca.wiley.com/WileyCDA/WileyTitle/productCd-0470688297.html}
}
@CONFERENCE{Tang2013,
	author = {Guanting Tang and James Bailey and Jian Pei and Guozhu Dong},
	title = {Mining multidimensional contextual outliers from categorical relational
	data},
	booktitle = {Proceedings of SSDBM},
	year = {2013}
}
@ARTICLE{Novak2009,
	author = {Novak,Petra Kralj and Webb,Geoffrey I. and Wrobel,Stefan},
	title = {Supervised descriptive rule discovery: A unifying survey of contrast
	set, emerging pattern and subgroup mining},
	journal = {Journal of Machine Learning Research},
	year = {2009}
}

@MISC{bib:jbnsite,
	author = {H. Khosravi and T. Man and J. Hu and E. Gao and O. Schulte},
	title = {Learn and Join Algorithm Code.[Online]. Available: },
	howpublished = {URL = \url{http://www.cs.sfu.ca/~oschulte/jbn/}},
	keywords = {statistical-relational},
	owner = {oliverschulte},
	timestamp = {2009.10.02}
}
@INPROCEEDINGS{Elke2013,
	author = {Elke Achtert and Hans{-}Peter Kriegel and Erich Schubert and Arthur
	Zimek},
	title = {Interactive data mining with 3D-parallel coordinate trees},
	booktitle = {Proceedings of the 2013 ACM SIGMOD},
	year = {2013},
	bibsource = {dblp computer science bibliography, http://dblp.org},
	biburl = {http://dblp.uni-trier.de/rec/bib/conf/sigmod/AchtertKSZ13},
	doi = {10.1145/2463676.2463696},
	timestamp = {Wed, 26 Jun 2013 09:37:17 +0200},
	
	address = {New York, NY, USA},
	url = {http://doi.acm.org/10.1145/2463676.2463696}
}
@INPROCEEDINGS{Breunig2000,
	author = {Markus Breunig and Hans-Peter Kriegel and Raymond T. Ng and JÃ¶rg
	Sander},
	title = {LOF: Identifying Density-Based Local Outliers},
	booktitle = { Proceedings of ACM SIGMOD},
	year = {2000}
}

@ARTICLE{Hodge2004,
  author = {Hodge, Victoria and Austin, Jim},
  title = {A Survey of Outlier Detection Methodologies},
  journal = {Artif. Intell. Rev.},
  year = {2004},
  volume = {22},
  pages = {85--126},
  number = {2},
  month = oct,
  acmid = {1028946},
  address = {Norwell, MA, USA},
  doi = {10.1023/B:AIRE.0000045502.10941.a9},
  file = {:/local-scratch/SRiahi/Desktop/texmf/Hodge2004.pdf:PDF},
  issn = {0269-2821},
  issue_date = {October 2004},
  keywords = {anomaly, detection, deviation, noise, novelty, outlier, recognition},
  numpages = {42},
  owner = {oschulte},
  publisher = {Kluwer Academic Publishers},
  timestamp = {2014.02.03},
  url = {http://dx.doi.org/10.1023/B:AIRE.0000045502.10941.a9}
}

@ARTICLE{schwartz,
	author = {T.Swartz, Adriano Arce, Mohan Parameswaran},
	title = {Assessing Value of the Draft Positions in Major League Soccer's SuperDraft},
	journal = {The Sport Journal},
	year = {2013}
}
@ARTICLE{McHale2011,
	title = {A Bradley-Terry type model for forecasting tennis match results},
	author = {McHale, Ian and Morton, Alex},
	year = {2011},
	journal = {International Journal of Forecasting},
	volume = {27},
	number = {2},
	pages = {619-630},
}

@INPROCEEDINGS{Riahi2016,
  author = {Fatemeh Riahi, Oliver Schulte},
  title = {Propositionalization for Unsupervised Outlier	Detection in Multi-Relational Data},
  booktitle = {The Florida Association of Artificial Intelligence},
  year = {2016}
}

@INPROCEEDINGS{Riahi2015,
  author = {Riahi, Fatemeh and Schulte, Oliver},
  title = {Model-Based Outlier Detection for Object-Relational Data},
  booktitle = {Computational Intelligence, 2015 IEEE Symposium Series on},
  year = {2015},
  pages = {1590--1598},
  organization = {IEEE}
}

@article{McHale2012,
	author = {McHale, Ian G. and Scarf, Philip A. and Folker, David E.},
	title = {On the Development of a Soccer Player Performance Rating System for the English Premier League},
	journal = {Interfaces},
	issue_date = {July-August 2012},
	volume = {42},
	number = {4},
	month = jul,
	year = {2012},
	issn = {0092-2102},
	pages = {339--351},
	numpages = {13},
	url = {http://dx.doi.org/10.1287/inte.1110.0589},
	doi = {10.1287/inte.1110.0589},
	acmid = {2344718},
	publisher = {INFORMS},
	address = {Institute for Operations Research and the Management Sciences (INFORMS), Linthicum, Maryland, USA},
	keywords = {football, performance measurement, ranking, sports and recreation},
} 
@TECHREPORT{Grinblatt1989,
	title = {Portfolio Performance Evaluation: Old Issues and New Insights},
	author = {Grinblatt, Mark and Titman, Sheridan},
	year=1989
	institution = {Wharton School Rodney L. White Center for Financial Research},
	type = {Rodney L. White Center for Financial Research Working Papers},
	url = {http://EconPapers.repec.org/RePEc:fth:pennfi:22-88}
}

@ARTICLE{Swamidass1987,
	title = {Manufacturing Strategy, Environmental Uncertainty and Performance: A Path Analytic Model},
	author = {Swamidass, Paul M. and Newell, William T.},
	year = {1987},
	journal = {Management Science},
	volume = {33},
	number = {4},
	pages = {509-524},
	keywords = {decision analysis: systems; inventory/production: surveys; planning: corporate},
	url = {http://EconPapers.repec.org/RePEc:inm:ormnsc:v:33:y:1987:i:4:p:509-524}
}

@ARTICLE{Fisher1921,
	author = {Fisher, R. A.},
	title = {{On the probable error of a coefficient of correlation deduced from
	a small sample}},
	journal = {Metron},
	year = {1921},
	volume = {1},
	pages = {3--32},
	keywords = {methods}
}

@BOOK{Lewis2003,
  title = {Moneyball: The Art of Winning an Unfair Game},
  publisher = {W. W. Norton and Co.},
  year = {2003},
  author = {Lewis, M. M.},
  abstract = {url = {http://researchbooks.org/1598296922}}
}

@BOOK{Keri2006,
	title = {Baseball Between the Numbers},
	publisher = {Basic Book},
	year = {2006},
	author = {Jonah Keri, James Click}
}
@BOOK{Goldman2010,
	title = {Baseball Prospectus 2010: The Essential Guide to the 2010 Baseball Season},
	publisher = {John  Wiley  \&  Sons,  Inc.,Hoboken},
	year = {2010},
	author = {Steven Goldman,Christina Kahrl }
}
@ARTICLE{Kimmig2014,
  author = {Kimmig, Angelika and Mihalkova, Lilyana and Getoor, Lise},
  title = {Lifted graphical models: a survey},
  journal = { Computing Research Repository},
  year = {2014},
  file = {:/Users/olivernew/Documents/svn-projects/punch-srl/texmf/Kimmig2014.pdf:PDF},
  publisher = {Springer}
}

@INPROCEEDINGS{Poole2003,
  author = {David Poole},
  title = {First-order probabilistic inference},
  booktitle = {Proceedings of IJCAI},
  year = {2003},
  bibsource = {DBLP, http://dblp.uni-trier.de},
  file = {Poole2003.pdf:Poole2003.pdf:PDF},
  keywords = {{B}ayes Nets, statistical-relational}
}


@INCOLLECTION{Domingos07,
  author = {Pedro Domingos and Matthew Richardson},
  title = {Markov Logic: A Unifying Framework for Statistical Relational Learning},
  booktitle = {Introduction to Statistical Relational Learning},
  publisher = {MIT Press},
  year = {2007},
  crossref = {SRL2007},
  file = {Domingos07.pdf:Domingos07.pdf:PDF},
  keywords = {digging, statistical-relational},
  owner = {hkhosrav},
  timestamp = {2008.10.10}
}
@ARTICLE{Chiang2012,
  author = {Michael Chiang and David Poole},
  title = {Reference classes and relational learning},
  journal = {Journal of Approximation Reasoning},
  year = {2012},
  volume = {53},
  number = {3},
  bibsource = {DBLP, http://dblp.uni-trier.de},
  ee = {http://dx.doi.org/10.1016/j.ijar.2011.05.002},
  file = {Chiang2012.pdf:Chiang2012.pdf:PDF}
}

@BOOK{McHale2007,
	title = {  Statistical  analysis  of  the  FIFA	world rankings},
	publisher = {Statistical Thinking in Sport, Chapman and Hall},
	year = {2007},
	author = {McHale, Ian and Morton, Alex},
	abstract = {url = {http://researchbooks.org/1598296922}}
}
@BOOK{Domingos2009,
	title = {Markov Logic: An Interface Layer for Artificial Intelligence},
	publisher = {Morgan and Claypool Publishers},
	year = {2009},
	author = {Pedro Domingos and Daniel Lowd},
	abstract = {url = {http://researchbooks.org/1598296922}}
}
@BOOK{PAPASTERGIADIS2013,
	title = {Futebol and Myths of the Brazilian Way of Life},
	publisher = { Cultural Studies Review},
	year = {2013},
	author = {Nikos,PAPASTERGIADIS},
	abstract = {url = {http://researchbooks.org/1598296922}}
}

@ARTICLE{Wooten2013,
	author = {Jadrian James Wooten },
	title = {Can Ranking Nationalities Explain the Salary Discrepancies in Major League Soccer},
	journal = {Social Science Research Network},
	year = {2013}
}
@ARTICLE{Schulte2012,
  author = {Oliver Schulte and Hassan Khosravi},
  title = {Learning graphical models for relational data via lattice search},
  journal = {Journal of Machine Learning},
  year = {2012},
  owner = {oliverschulte},
  timestamp = {2012.04.11}
}
@ARTICLE{Lippi2011,
  author = {Lippi, Marco and Jaeger, Manfred and Frasconi, Paolo and Passerini,
	Andrea},
  title = {Relational information gain},
  journal = {Machine Learning},
  year = {2011},
  volume = {83},
  pages = {219--239},
  number = {2},
  owner = {zqian},
  publisher = {Springer},
  timestamp = {2015.01.19}
}
@inproceedings{Lavrac13,
  author = {Perovsek, Matic and Vavpetic, Anze and Cestnik, Bojan and Lavrac, Nada},
  booktitle = {Discovery Science},
  crossref = {conf/dis/2013},
  keywords = {dblp},
  publisher = {Springer},
  series = {Lecture Notes in Computer Science},
  title = {A Wordification Approach to Relational Data Mining.},
  year = 2013
}
@INPROCEEDINGS{Gao2010,
  author = {Gao, Jing and Liang, Feng and Fan, Wei and Wang, Chi and Sun, Yizhou
	and Han, Jiawei},
  title = {On Community Outliers and Their Efficient Detection in Information
	Networks},
  booktitle = {Proceedings of the 16th ACM SIGKDD International Conference on Knowledge
	Discovery and Data Mining},
  year = {2010},
  series = {KDD '10},
  pages = {813--822},
  address = {New York, NY, USA},
  publisher = {ACM},
  acmid = {1835907},
  doi = {10.1145/1835804.1835907},
  isbn = {978-1-4503-0055-1},
  keywords = {community discovery, information networks, outlier detection},
  location = {Washington, DC, USA},
  numpages = {10},
  url = {http://doi.acm.org/10.1145/1835804.1835907}
}
@article{Hall2002,
	author = {Hall, Stephen and Szymanski, Stefan and Zimbalist, Andrew S.}, 
	title = {Testing Causality Between Team Performance and Payroll: The Cases of Major League Baseball and English Soccer},
	volume = {3}, 
	number = {2}, 
	pages = {149-168}, 
	year = {2002}, 
	URL = {http://jse.sagepub.com/content/3/2/149.abstract}, 
	eprint = {http://jse.sagepub.com/content/3/2/149.full.pdf+html}, 
	journal = {Journal of Sports Economics} 
}
@TechReport{Barrio2004,
	author={Pedro Garcia-del-Barrio and Francesc Pujol},
	title={{Pay and Performance in the Spanish Soccer League: Who Gets the Expected Monopsony Rents?}},
	year=2004,
	month=Mar,
	institution={School of Economics and Business Administration, University of Navarra},
	type={Faculty Working Papers},
	url={https://ideas.repec.org/p/una/unccee/wp0504.html},
	number={05/04}
}
@inproceedings{Taskar2002,
	author = {Taskar, Ben and Abbeel, Pieter and Koller, Daphne},
	title = {Discriminative Probabilistic Models for Relational Data},
	booktitle = {Proceedings of the Eighteenth Conference on Uncertainty in Artificial Intelligence},
	series = {UAI'02},
	year = {2002},
	isbn = {1-55860-897-4},
	location = {Alberta, Canada},
	pages = {485--492},
	numpages = {8},
	url = {http://dl.acm.org/citation.cfm?id=2073876.2073934},
	acmid = {2073934},
	publisher = {Morgan Kaufmann Publishers Inc.},
	address = {San Francisco, CA, USA},
} 

@inproceedings{Sun2005,
	author = {Sun, Jimeng and Qu, Huiming and Chakrabarti, Deepayan and Faloutsos, Christos},
	title = {Neighborhood Formation and Anomaly Detection in Bipartite Graphs},
	booktitle = {Proceedings of the Fifth IEEE International Conference on Data Mining},
	series = {ICDM '05},
	year = {2005},
	isbn = {0-7695-2278-5},
	pages = {418--425},
	numpages = {8},
	url = {http://dx.doi.org/10.1109/ICDM.2005.103},
	doi = {10.1109/ICDM.2005.103},
	acmid = {1106376},
	publisher = {IEEE Computer Society},
	address = {Washington, DC, USA},
} 



@inproceedings{Muller2012,
 author = {Muller, Emmanuel and Assent, Ira and Iglesias, Patricia and Mulle, Yvonne and Bohm, Klemens},
 title = {Outlier Ranking via Subspace Analysis in Multiple Views of the Data},
 booktitle = {IEEE ICDM},
 year = {2012},
 keywords = {outlier ranking, multiple subspaces, clusterings},
} 

@inproceedings{Leman2008,
 author = {Leman, Dennis and Feelders, Ad and Knobbe, Arno},
 title = {Exceptional Model Mining},
 booktitle = {Proceedings of the European Conference on Machine Learning and Knowledge Discovery in Databases - Part II},
 series = {ECML PKDD '08},
 year = {2008},
 isbn = {978-3-540-87480-5},
 location = {Antwerp, Belgium},
 pages = {1--16},
 numpages = {16},
 url = {http://dx.doi.org/10.1007/978-3-540-87481-2_1},
 doi = {10.1007/978-3-540-87481-2_1},
 acmid = {1432001},
 publisher = {Springer-Verlag},
 address = {Berlin, Heidelberg},
} 
@article{Maervoet2012,
 author = {Maervoet, Joris and Vens, Celine and Vanden Berghe, Greet and Blockeel, Hendrik and De Causmaecker, Patrick},
 title = {Outlier Detection in Relational Data: A Case Study in Geographical Information Systems},
 journal = {Expert Syst. Appl.},
 issue_date = {April, 2012},
 volume = {39},
 number = {5},
 month = apr,
 year = {2012},
 issn = {0957-4174},
 pages = {4718--4728},
 numpages = {11},
 url = {http://dx.doi.org/10.1016/j.eswa.2011.09.125},
 doi = {10.1016/j.eswa.2011.09.125},
 acmid = {2109460},
 publisher = {Pergamon Press, Inc.},
 address = {Tarrytown, NY, USA},
 keywords = {Geographical information systems, Quality maintenance, Relational outlier detection, WARMR},
} 


@article{Duan2014,
 author = {L. Duan, G. Tang, J. Pei, J. Bailey, G. Dong, A. Campbell, and C. Tang},
 title = {Mining Contrast Subspaces},
 journal = { Proceedings of the 18th Pacific-Asia Conference on Knowledge Discovery and Data Mining (PAKDD14)},
 issue_date = {May, 2014},
 publisher = {PAKDD},
 address = { Tainan,Taiwan}
} 
@MISC{opta-original,
	author = {{MCFC Analytics}},
	title = {The Premier League Dataset},
	year = {2012},
	note = {URL = \url{http://www.mcfc.co.uk/Home/The%20Club/MCFC%20Analytics}},
	owner = {oliverschulte},
	timestamp = {2009.10.02}
}
@inproceedings{Pei2006,
 author = {Pei, Yaling and Zaiane, Osmar R. and Gao, Yong},
 title = {An Efficient Reference-Based Approach to Outlier Detection in Large Datasets},
 booktitle = {Proceedings of the Sixth International Conference on Data Mining},
 series = {ICDM '06},
 year = {2006},
 isbn = {0-7695-2701-9},
 pages = {478--487},
 numpages = {10},
 publisher = {IEEE Computer Society},
 address = {Washington, DC, USA},
} 
@MISC{IMDB-original,
	author = {{Internet Movie Database}},
	title = {Internet Movie Database},
	note = {[Online]. Available: URL = \url{http://www.imdb.com/}},
	owner = {oliverschulte},
	timestamp = {2009.10.02}
}

@inproceedings{KhoaC10,
  author    = {Nguyen Lu Dang Khoa and
               Sanjay Chawla},
  title     = {Robust Outlier Detection Using Commute Time and Eigenspace Embedding},
  booktitle = {Advances in Knowledge Discovery and Data Mining, 14th Pacific-Asia
               Conference, {PAKDD} 2010, Hyderabad, India, June 21-24, 2010. Proceedings.
               Part {II}},
  pages     = {422--434},
  year      = {2010}
}
@inproceedings{Pei:2006:ERA:1193207.1193337,
 author = {Pei, Yaling and Zaiane, Osmar R. and Gao, Yong},
 title = {An Efficient Reference-Based Approach to Outlier Detection in Large Datasets},
 booktitle = {Proceedings of the Sixth International Conference on Data Mining},
 series = {ICDM '06},
 year = {2006},
 isbn = {0-7695-2701-9},
 pages = {478--487},
 numpages = {10},
 url = {http://dx.doi.org/10.1109/ICDM.2006.17},
 doi = {10.1109/ICDM.2006.17},
 acmid = {1193337},
 publisher = {IEEE Computer Society},
 address = {Washington, DC, USA},
} 

@inproceedings{Agrawal1994,
 author = {Agrawal, Rakesh and Srikant, Ramakrishnan},
 title = {Fast Algorithms for Mining Association Rules in Large Databases},
 booktitle = {Proceedings of the 20th International Conference on Very Large Data Bases},
 series = {VLDB '94},
 year = {1994},
 isbn = {1-55860-153-8},
 pages = {487--499},
 numpages = {13},
 url = {http://dl.acm.org/citation.cfm?id=645920.672836},
 acmid = {672836},
 publisher = {Morgan Kaufmann Publishers Inc.},
 address = {San Francisco, CA, USA},
} 
@ARTICLE{schwartz,
	author = {T.Swartz, Adriano Arce, Mohan Parameswaran},
	title = {Assessing Value of the Draft Positions in Major League Soccer's SuperDraft},
	journal = {The Sport Journal},
	year = {2013}
}
@inproceedings{Koh2005,
 author = {Koh, Yun Sing and Rountree, Nathan},
 title = {Finding Sporadic Rules Using Apriori-inverse},
 booktitle = {Proceedings of the 9th Pacific-Asia Conference on Advances in Knowledge Discovery and Data Mining},
 series = {PAKDD'05},
 year = {2005},
 isbn = {3-540-26076-5, 978-3-540-26076-9},
 location = {Hanoi, Vietnam},
 pages = {97--106},
 numpages = {10},
 url = {http://dx.doi.org/10.1007/11430919_13},
 doi = {10.1007/11430919_13},
 acmid = {2140847},
 publisher = {Springer-Verlag},
 address = {Berlin, Heidelberg},
} 
@INPROCEEDINGS{Suzuki04,
    author = {Einoshin Suzuki},
    title = {Discovering interesting exception rules with rule pair},
    booktitle = {In J. Fuernkranz (Ed.), Proceedings of the ECML/PKDD Workshop on Advances in Inductive Rule Learning},
    year = {2004},
    pages = {163--178}
}
@INPROCEEDINGS{Hussain00,
    author = {Farhad Hussain and Huan Liu and Einoshin Suzuki and Hongjun Lu},
    title = {Exception Rule Mining with a Relative Interestingness Measure},
    booktitle = {In Proceedings of Paci Asia Conference on Knowledge Discovery in DataBases (PAKDD-2000},
    year = {2000},
    pages = {86--97}
}


@inproceedings{Knorr1999,
 author = {Knorr, Edwin M. and Ng, Raymond T.},
 title = {Finding Intensional Knowledge of Distance-Based Outliers},
 booktitle = {Proceedings of the 25th International Conference on Very Large Data Bases},
 series = {VLDB '99},
 year = {1999},
 isbn = {1-55860-615-7},
 pages = {211--222},
 numpages = {12},
 url = {http://dl.acm.org/citation.cfm?id=645925.671529},
 acmid = {671529},
 publisher = {Morgan Kaufmann Publishers Inc.},
 address = {San Francisco, CA, USA},
} 

@article{Aggarwal2001,
 author = {Aggarwal, Charu C. and Yu, Philip S.},
 title = {Outlier Detection for High Dimensional Data},
 journal = {SIGMOD Rec.},
 issue_date = {June 2001},
 volume = {30},
 number = {2},
 month = may,
 year = {2001},
 issn = {0163-5808},
 pages = {37--46},
 numpages = {10},
 url = {http://doi.acm.org/10.1145/376284.375668},
 doi = {10.1145/376284.375668},
 acmid = {375668},
 publisher = {ACM},
 address = {New York, NY, USA},
} 
@ARTICLE{Angiulli2007,
  author = {Angiulli, Fabrizio and Greco, Gianluigi and Palopoli, Luigi},
  title = {Outlier Detection by Logic Programming},
  journal = {ACM Trans. Comput. Logic},
  year = {2007},
  volume = {9},
  keywords = {Outlier detection, computational complexity, logic programming, nonmonotonic
	reasoning},
  publisher = {ACM}
}
@InProceedings{Angiulli2009,
  Title                    = {Outlier Detection Using Inductive Logic Programming.},
  Author                   = {Angiulli, Fabrizio and Fassetti, Fabio},
  Booktitle                = {ICDM},
  Year                     = {2009},
  Editor                   = {0010, Wei Wang and Kargupta, Hillol and Ranka, Sanjay and Yu, Philip S. and Wu, Xindong},
  Pages                    = {693-698},
  Publisher                = {IEEE Computer Society},

  Added-at                 = {2010-01-27T00:00:00.000+0100},
  Biburl                   = {http://www.bibsonomy.org/bibtex/2c917f4a0a0605e5fa762aa9a6f2ef6b8/dblp},
  Crossref                 = {conf/icdm/2009},
  Ee                       = {http://doi.ieeecomputersociety.org/10.1109/ICDM.2009.127},
  Interhash                = {fc6d16a86a92022c960a124e37ce4eaa},
  Intrahash                = {c917f4a0a0605e5fa762aa9a6f2ef6b8},
  ISBN                     = {978-0-7695-3895-2},
  Keywords                 = {dblp},
  Timestamp                = {2011-04-29T15:33:58.000+0200},
  Url                      = {http://dblp.uni-trier.de/db/conf/icdm/icdm2009.html#AngiulliF09}
}

@INPROCEEDINGS{Sarawagi98,
    author = {Sunita Sarawagi and Rakesh Agrawal and Nimrod Megiddo},
    title = {Discovery-driven Exploration of {OLAP} Data Cubes},
    booktitle = {In Proc. Int. Conf. of Extending Database Technology (EDBT'98},
    year = {1998},
    pages = {168--182},
    publisher = {Springer-Verlag}
}

@article{grubbs1969,
    author = {Grubbs, F. E.},
    citeulike-article-id = {7096000},
    journal = {Technometrics},
    keywords = {imclever},
    pages = {1--21},
    posted-at = {2010-04-28 12:10:04},
    priority = {2},
    title = {{Procedures for detecting outlying observations in samples}},
    volume = {11},
    year = {1969}
}

@book{Hawkins1980,
title={Identification of Outliers},
  added-at = {2009-08-21T09:49:34.000+0200},
  address = {London [u.a.]},
  author = {Hawkins, {D. M.}},
  isbn = {041221900X},
  keywords = {imported},
  pagetotal = {X, 188},
  ppn_gvk = {02435757X},
  publisher = {Chapman and Hall},
  year = 1980
}

@Article{Ord1996,
  author={Ord, Keith},
  title={{Outliers in statistical data : V. Barnett and T. Lewis, 1994, 3rd edition, (John Wiley \& Sons, Chichester), 584 pp., [UK pound]55.00, ISBN 0-471-93094-6}},
  journal={International Journal of Forecasting},
  year=1996,
  volume={12},
  number={1},
  pages={175-176}
}

@INPROCEEDINGS{John95,
    author = {George H. John},
    title = {Robust Decision Trees: Removing Outliers from Databases},
    booktitle = {In Knowledge Discovery and Data Mining},
    year = {1995},
    pages = {174--179},
    publisher = {AAAI Press}
}
@book{Han2011,
 author = {Han, Jiawei and Kamber, Micheline and Pei, Jian},
 title = {Data Mining: Concepts and Techniques},
 year = {2011},
 isbn = {0123814790, 9780123814791},
 edition = {3rd},
 publisher = {Morgan Kaufmann Publishers Inc.},
 address = {San Francisco, CA, USA},
} 
@article{Chawla2004,
 author = {Chawla, Nitesh V. and Japkowicz, Nathalie and Kotcz, Aleksander},
 title = {Editorial: Special Issue on Learning from Imbalanced Data Sets},
 journal = {SIGKDD Explor. Newsl.},
 issue_date = {June 2004},
 volume = {6},
 number = {1},
 month = jun,
 year = {2004},
 pages = {1--6},
 numpages = {6}
} 
@INPROCEEDINGS{Khot2011,
  author = {Tushar Khot and Sriraam Natarajan and Kristian Kersting and Jude
	W. Shavlik},
  title = {Learning {Markov} Logic Networks via Functional Gradient Boosting},
  booktitle = {ICDM},
  year = {2011},
  publisher = {Computer Society},
  bibsource = {DBLP, http://dblp.uni-trier.de},
  ee = {http://doi.ieeecomputersociety.org/10.1109/ICDM.2011.87},
  keywords = {statistical-relational}
}

@book{aggarwal2013,
  title={Outlier Analysis},
  author={Aggarwal, C.C.},
  isbn={9781461463955},
  lccn={2012956186},
  url={http://books.google.ca/books?id=900CkgEACAAJ},
  year={2013},
  publisher={Springer New York}
}

@INPROCEEDINGS{Khosravi2010,
  author = {Hassan Khosravi and Oliver Schulte and Tong Man and Xiaoyuan Xu and
	Bahareh Bina},
  title = {Structure Learning for {Markov} Logic Networks with Many Descriptive
	Attributes},
  booktitle = {AAAI},
  year = {2010},
  file = {Khosravi2010.pdf:Khosravi2010.pdf:PDF},
  owner = {oliverschulte},
  timestamp = {2010.06.07}
}
@INPROCEEDINGS{Elkan2001,
    author = {Charles Elkan},
    title = {The Foundations of Cost-Sensitive Learning},
    booktitle = {In Proceedings of the Seventeenth International Joint Conference on Artificial Intelligence},
    year = {2001},
    pages = {973--978}
}

@ARTICLE{ Claudio2000,
AUTHOR = "Claudio De Stefano and Carlo Sansone and Mario Vento",
TITLE = "To reject or not to reject: that is the question-an answer in case of neural classifiers",
JOURNAL = "IEEE Transactions on Systems, Man, and Cybernetics, Part C",
PAGES = {84-94},
YEAR = {2000},
  }

@inproceedings{GaoT06,

  author = {Gao, Jing and Tan, Pang-Ning},

  booktitle = {ICDM},
  description = {dblp},
  pages = {212-221},
  publisher = {IEEE Computer Society},
  title = {Converting Output Scores from Outlier Detection Algorithms into Probability Estimates.},
  year = 2006
}

@article{Scholkopf2001,
 author = {Sch\"{o}lkopf, Bernhard and Platt, John C. and Shawe-Taylor, John C. and Smola, Alex J. and Williamson, Robert C.},
 title = {Estimating the Support of a High-Dimensional Distribution},
 journal = {Neural Comput.},
 issue_date = {July 2001},
 volume = {13},
 number = {7},
 month = jul,
 year = {2001},
 address = {Cambridge, MA, USA}
} 
@INPROCEEDINGS{Roth2005,
    author = {Volker Roth},
    title = {Outlier detection with one-class kernel fisher discriminants},
    booktitle = {Advances in Neural Information Processing Systems 17},
    year = {2005},
    pages = {1169--1176},
    publisher = {MIT Press}
}
@ARTICLE{Cansado2008,
  author = {Cansado, Antonio and Soto, Alvaro},
  title = {UNSUPERVISED ANOMALY DETECTION IN LARGE DATABASES USING BAYESIAN
	NETWORKS},
  journal = {Appl. Artif. Intell.},
  year = {2008},
  volume = {22},
  pages = {309--330},
  number = {4},
  month = apr,
  acmid = {1451348},
  address = {Bristol, PA, USA},
  doi = {10.1080/08839510801972801},
  file = {:/local-scratch/SRiahi/Desktop/texmf/Cansado2009.pdf:PDF;:/local-scratch/SRiahi/Desktop/texmf/Cansado2009.pdf:PDF},
  issn = {0883-9514},
  issue_date = {April 2008},
  numpages = {22},
  publisher = {Taylor \& Francis, Inc.},
  url = {http://dx.doi.org/10.1080/08839510801972801}
}

@inproceedings{Wong2003,
    Author = { Weng-Keen Wong, Andrew Moore, Gregory Cooper, Michael Wagner },
    Title = {Bayesian Network Anomaly Pattern Detection for Disease Outbreaks},
    Year = {2003},
    Pages = {808-815},
    Publisher = {AAAI Press},
    Address = {Menlo Park, California},
    Booktitle = {Proceedings of the Twentieth International Conference on Machine Learning},
    Editor = {Tom Fawcett and Nina Mishra}

}

@INPROCEEDINGS{Babbar2010,
  author = {Babbar, Sakshi and Chawla, Sanjay},
  title = {On Bayesian Network and Outlier Detection.},
  booktitle = {COMAD},
  year = {2010},
  editor = {Kumar, P. Sreenivasa and Parthasarathy, Srinivasan and Godbole, Shantanu},
  pages = {125},
  publisher = {Allied Publishers},
  added-at = {2012-07-20T00:00:00.000+0200},
  biburl = {http://www.bibsonomy.org/bibtex/2e12ea37af712f96b331c00d466b2530e/dblp},
  ee = {http://www.cse.iitb.ac.in/~comad/2010/ResearchTrack/paper%2017.pdf},
  file = {:/local-scratch/SRiahi/Desktop/texmf/Babbar2010.pdf:PDF},
  interhash = {8f627abe7d2f74667ae6ddd6e72dd970},
  intrahash = {e12ea37af712f96b331c00d466b2530e},
  keywords = {dblp},
  timestamp = {2012-07-20T00:00:00.000+0200},
  url = {http://dblp.uni-trier.de/db/conf/comad/comad2010.html#BabbarC10}
}

@inproceedings{Amor2004,
 author = {Amor, Nahla Ben and Benferhat, Salem and Elouedi, Zied},
 title = {Naive Bayes vs Decision Trees in Intrusion Detection Systems},
 booktitle = {Proceedings of the 2004 ACM Symposium on Applied Computing},
 series = {SAC '04},
 year = {2004},
 isbn = {1-58113-812-1},
 location = {Nicosia, Cyprus},
 pages = {420--424},
 numpages = {5},
 url = {http://doi.acm.org/10.1145/967900.967989},
 doi = {10.1145/967900.967989},
 acmid = {967989},
 publisher = {ACM},
 address = {New York, NY, USA},
} 


@INPROCEEDINGS{Riedel2013,
  author = {Sebastian Riedel and Limin Yao and Andrew McCallum and Benjamin M.
	Marlin},
  title = {Relation Extraction with Matrix Factorization and Universal Schemas},
  booktitle = {Human Language Technologies: NAA},
  year = {2013},
  pages = {74--84},
  bibsource = {dblp computer science bibliography, http://dblp.org},
  biburl = {http://dblp.uni-trier.de/rec/bib/conf/naacl/RiedelYMM13},
  timestamp = {Fri, 21 Feb 2014 14:03:41 +0100},
  url = {http://aclweb.org/anthology/N/N13/N13-1008.pdf}
}

@inproceedings{Das2008,
 author = {Das, Kaustav and Schneider, Jeff and Neill, Daniel B.},
 title = {Anomaly Pattern Detection in Categorical Datasets},
 booktitle = {Proceedings of the 14th ACM SIGKDD International Conference on Knowledge Discovery and Data Mining},
 series = {KDD '08},
 year = {2008},
 isbn = {978-1-60558-193-4},
 location = {Las Vegas, Nevada, USA},
 pages = {169--176},
 numpages = {8},
 url = {http://doi.acm.org/10.1145/1401890.1401915},
 doi = {10.1145/1401890.1401915},
 acmid = {1401915},
 publisher = {ACM},
 address = {New York, NY, USA},
 keywords = {anomaly detection, machine learning, pattern detection},
} 

@MISC{Mahoney,
    author = {Matthew V. Mahoney and Philip K. Chan},
    title = {Learning Models of Network Traffic for Detecting Novel Attacks},
    year = {}
}


@inproceedings{Shuchita2012,
 author = {Dr. Shuchita Upadhyaya, Karanjit Singh.},
 title = {Anomaly Pattern Detection in Categorical Datasets},
 booktitle = {Proceedings of the International Journal of Computer Trends and Technology (},
 year = {2012}
} 

@TECHREPORT{He2002,
    author = {Zengyou He and Xiaofei Xu and Joshua Zhexue Huang and Shengchun Deng},
    title = {FP-Outlier: frequent pattern based outlier detection},
    institution = {},
    year = {2002}
}

@INPROCEEDINGS{Ghosh98,
    author = {Anup K. Ghosh and James Wanken and Frank Charron},
    title = {Detecting Anomalous and Unknown Intrusions Against Programs},
    booktitle = {In Proceedings of the Annual Computer Security Application Conference (ACSACâ98},
    year = {1998},
    pages = {259--267}
}

@inproceedings{DavyG02,

  author = {Davy, Manuel and Godsill, Simon J.},
  booktitle = {ICASSP},
  crossref = {conf/icassp/2002},
  isbn = {0-7803-7402-9},
  keywords = {dblp},
  pages = {1313-1316},
  publisher = {IEEE},
  title = {Detection of abrupt spectral changes using support vector machines an application to audio signal segmentation.},
  year = 2002
}

@Article{RatMikSchMul02,
  author = {Ratsch, G and Mika, S and Scholkopf, B and Muller, K.-R},
  title = {Constructing Boosting Algorithms from SVMs: an Application to One-Class Classification},
  year = {2002},
  journal = {IEEE PAMI},
  note = {In press. Earlier version is GMD TechReport No. 119,     2000}
}

@inproceedings{Zhang2005,
 author = {Zhang, Dong and Gatica-Perez, Daniel and Bengio, Samy and McCowan, Iain},
 title = {Semi-Supervised Adapted {HMMs} for Unusual Event Detection},
 booktitle = {Proceedings of the 2005 IEEE Computer Society Conference on Computer Vision and Pattern Recognition (CVPR'05) - Volume 1 - Volume 01},
 series = {CVPR '05},
 year = {2005},
 isbn = {0-7695-2372-2},
 pages = {611--618},
 numpages = {8},
 publisher = {IEEE Computer Society},
 address = {Washington, DC, USA},
} 
@inproceedings{Platt99,
  author={J. Platt},
  editor={A.J. Smola and P. Bartlett and B. Schoelkopf and D. Schuurmans},
  title={Probabilistic outputs for support vector machines and comparison to regularize likelihood methods},
  pages={61--74},
  year=2000,
  booktitle={Advances in Large Margin Classifiers},
  url={http://citeseer.ist.psu.edu/platt99probabilistic.html}
}


@MISC{Laurikkala00,
    author = {Jorma Laurikkala and Martti Juhola and Erna Kentala},
    title = {Informal Identification of Outliers in Medical Data},
    year = {2000}
}

@inproceedings{AchtertHKSZ11,
  author = {Achtert, Elke and Hettab, Ahmed and Kriegel, Hans-Peter and Schubert, Erich and Zimek, Arthur},
  pages = {512-516},
  booktitle = {Springer},
  series = {Lecture Notes in Computer Science},
  timestamp = {2011-08-23T00:00:00.000+0200},
  title = {Spatial Outlier Detection: Data, Algorithms, Visualizations.},
  volume = 6849,
  year = 2011
}

@article{iii1975,
author = {James Pickands},
doi = {10.1214/aos/1176343003},
journal = {The Annals of Statistics},
pages = {119--131},
title = {Statistical Inference Using Extreme Order Statistics},
year = 1975
}
@inproceedings{ArningAR96,
  author = {Arning, Andreas and Agrawal, Rakesh and Raghavan, Prabhakar},
  pages = {164-169},
  booktitle = {AAAI Press},
  title = {A Linear Method for Deviation Detection in Large Databases.},
  year = 1996
}

@inproceedings{Kriegel2008,
 author = {Kriegel, Hans-Peter and S hubert, Matthias and Zimek, Arthur},
 title = {Angle-based Outlier Detection in High-dimensional Data},
 booktitle = {Proceedings of the 14th ACM SIGKDD International Conference on Knowledge Discovery and Data Mining},
 series = {KDD '08},
 year = {2008},
 isbn = {978-1-60558-193-4},
 pages = {444--452},
 publisher = {ACM},
 address = {New York, NY, USA}
} 

@article{Weinberger2009,
 author = {Weinberger, Kilian Q. and Saul, Lawrence K.},
 title = {Distance Metric Learning for Large Margin Nearest Neighbor Classification},
 journal = {J. Mach. Learn. Res.},
 issue_date = {12/1/2009},
 volume = {10},
 month = jun,
 year = {2009},
 issn = {1532-4435},
 pages = {207--244}
} 

@inproceedings{ChawlaG13,
  author = {Chawla, Sanjay and Gionis, Aristides},
  booktitle = {SDM},
  keywords = {dblp},
  pages = {189-197},
  publisher = {SIAM},
  title = {k-means-: A Unified Approach to Clustering and Outlier Detection.},
  url = {http://dblp.uni-trier.de/db/conf/sdm/sdm2013.html#ChawlaG13},
  year = 2013
}

@inproceedings{Ramaswamy2000,
 author = {Ramaswamy, Sridhar and Rastogi, Rajeev and Shim, Kyuseok},
 title = {Efficient Algorithms for Mining Outliers from Large Data Sets},
 booktitle = {Proceedings of the 2000 ACM SIGMOD International Conference on Management of Data},
 series = {SIGMOD '00},
 year = {2000},
 pages = {427--438},
 numpages = {12},
 acmid = {335437},
 publisher = {ACM},
 address = {New York, NY, USA},
} 
@inproceedings{Breunig2000,
 author = {Breunig, Markus M. and Kriegel, Hans-Peter and Ng, Raymond T. and Sander, J\"{o}rg},
 title = {LOF: Identifying Density-based Local Outliers},
 booktitle = {Proceedings of the 2000 ACM SIGMOD International Conference on Management of Data},
 series = {SIGMOD '00},
 year = {2000},
 pages = {93--104},
 numpages = {12},
 publisher = {ACM},
 address = {New York, NY, USA},
 keywords = {database mining, outlier detection}
} 


@incollection{Kramer2001,
 author = {Kramer, Stefan and Lavra\v{c}, Nada and Flach, Peter},
 chapter = {Propositionalization Approaches to Relational Data Mining},
 title = {Relational Data Mining},
 editor = {D\u{e}zeroski, Sa\u{e}so},
 year = {2000},
 isbn = {3-540-42289-7},
 pages = {262--286},
 numpages = {25}
} 

@inproceedings{JinTHW06,
  author = {Jin, Wen and Tung, Anthony K. H. and Han, Jiawei and Wei, Wang},
  pages = {577-593},
  booktitle = {Springer},
  series = {Lecture Notes in Computer Science},
  title = {Ranking Outliers Using Symmetric Neighborhood Relationship.},
  volume = 3918,
  year = 2006
}

@inproceedings{Papadimitriou03,
  author = {Papadimitriou, Spiros and Kitagawa, Hiroyuki and Gibbons, Phillip B. and Faloutsos, Christos},
  booktitle = {ICDE},
  pages = {315-326},
  publisher = {IEEE Computer Society},
  timestamp = {2012-01-25T00:00:00.000+0100},
  title = {LOCI: Fast Outlier Detection Using the Local Correlation Integral.},
  year = 2003
}

@inproceedings{Hinneburg2000,
 author = {Hinneburg, Alexander and Aggarwal, Charu C. and Keim, Daniel A.},
 title = {What Is the Nearest Neighbor in High Dimensional Spaces?},
 booktitle = {Proceedings of the 26th International Conference on Very Large Data Bases},
 series = {VLDB '00},
 year = {2000},
 isbn = {1-55860-715-3},
 pages = {506--515},
 numpages = {10},
 acmid = {671675},
 publisher = {Morgan Kaufmann Publishers Inc.},
 address = {San Francisco, CA, USA},
} 
@inproceedings{Lu2009,
 author = {Lu, Xinjie and Yang, Tian and Liao, Zaifei and Elahi, Manzoor and Liu, Wei and Wang, Hongan},
 title = {Incremental Outlier Detection in Data Streams Using Local Correlation Integral},
 booktitle = {Proceedings of the 2009 ACM Symposium on Applied Computing},
 series = {SAC '09},
 year = {2009},
 pages = {1520--1521},
 numpages = {2},
 publisher = {ACM},
 address = {New York, NY, USA},
 keywords = {data streams, local correlation integral, multi-granularity deviation factor, outlier detection},
} 
@inproceedings{koh2008,
  title={Correlation-based attribute outlier detection in XML},
  author={Koh, Judice LY and Lee, Mong Li and Hsu, Wynne and Ang, Wee Tiong},
  booktitle={ICDE 2008. IEEE 24th},
  year={2008},
}




