%% This BibTeX bibliography file was created using BibDesk.
%% http://www.cs.ucsd.edu/~mmccrack/bibdesk.html


%% Created at 2004-05-25 19:05:38 -0400 



@inproceedings{jensen-kdd04,
	Author = {D. Jensen and J. Neville and B. Gallagher},
	Booktitle = {Proceedings of the 10th ACM SIGKDD International Conference on Knowledge Discovery and Data Mining},
	Title = {Why Collective Inference Improves Relational Classification},
	Year = {2004}}

@inproceedings{neville-icdm04,
	Author = {J. Neville and D. Jensen},
	Booktitle = {Proceedings of The Fourth IEEE International Conference on Data Mining},
	Title = {Dependency Networks for Relational Data},
	Year = {2004}}

@inproceedings{neville-icdm03,
	Author = {J. Neville and D. Jensen and B. Gallagher},
	Booktitle = {Proceedings of The Third IEEE International Conference on Data Mining},
	Title = {Simple Estimators for Relational    Bayesian Classifers},
	Year = {2003}}

@inproceedings{jensen-kdd03,
	Author = {D. Jensen and M. Rattigan and H. Blau},
	Booktitle = {Proceedings of the 9th ACM SIGKDD International Conference on Knowledge Discovery and Data Mining},
	Title = {Information awareness: A prospective technical assessment},
	Year = {2003}}

